@OnLine{borges:2011,
	author 	=	{Rafhael Borges},
	title 	=	{Furtos e roubos de carros avan\c{c}am em grandes capitais do Brasil},
	month		=	{5},
	year		=	{2011},
	url			=			{http://noticias.uol.com.br/cotidiano/ultimas-noticias/2011/05/08/furtos-e-roubos-de-carros-avanca-em-grandes-capitais-do-brasil-e-assusta-moradores.htm},
	urldate	= {2013-02-12}
}

@OnLine{arduino_specs:2013,
	author 	=	{Arduino},
	title 	=	{Arduino Uno Specifications},
	month		=	{9},
	year		=	{2013},
	url			=			{http://arduino.cc/en/Main/ArduinoBoardUno},
	urldate	= {2013-09-12}
}

@OnLine{arduino_icsp:2013,
	author 	=	{Arduino ICSP},
	title 	=	{Arduino Uno ICSP},
	month		=	{9},
	year		=	{2013},
	url			=			{http://arduino.cc/en/Hacking/Programmer},
	urldate	= {2013-09-12}
}

@OnLine{gpsshield:2013,
	author 	=	{Sparkfun GPS Shield},
	title 	=	{Retail Kit},
	month		=	{4},
	year		=	{2013},
	url			=			{https://www.sparkfun.com/products/10709},
	urldate	= {2013-04-10}
}
	
@Booklet{gps_iniciantes:2003,
	title = {GPS para iniciantes},
	author = {Paulo Albuquerque and C\'{a}udia Santos},
	howpublished = {Apostila do Mini Curso de GPS - XI Simp\'{o}sio Brasileiro de Sensoriamento},
	month = {4},
	year = {2003}	
}

@Article{inatel:1998,
	author = {Dayani Adionel Guimar\~{a}es},
	title = {Introdu\c{c}\~{a}o as Comunica\c{c}\~{o}es M\'{o}veis},
	journal = {Revista Telecomunica\c{c}\~{o}es - INATEL},
	year = {1998},
	number = {1},	
}



@thesis{ivan:2007,
address={Bras\'ilia},
author={Ivan Sampaio Nascimento},
pages={54},
pagename={f.},
school={Faculdade de Ci\^encias Exatas e Tecnologia, Centro Universit\'ario de Bras\'ilia},
title={Sistema de alarme automotivo que integra transdutor ac\'ustico/el\'etrico e celular},
type={Gradua{\c c}\~ao},
year={2007}}

@thesis{leandro:2010,
address={Bras\'ilia},
author={Leandro Borges Martins},
pages={65},
pagename={f.},
school={Faculdade de Tecnologia e Ci\^encias Sociais Aplicadas, Centro Universit\'ario de Bras\'ilia},
title={Sistema Antifurto Integrado ao Monitoramento de Presen{\c c}a de Crian{\c c}as no Interior de ve\'iculos usando GPRS},
type={Gradua{\c c}\~ao},
year={2010}}

@thesis{alfonso:2006,
address={Curitiba},
author={Alfonso Diaz-Granados Marquez},
pages={34},
pagename={f.},
school={N\'ucleo de Ci\^encias Exatas e de Tecnologia, Centro Universit\'ario Positivo},
title={Sistema Antifurto de Ve\'iculos Automotivos},
type={Gradua{\c c}\~ao},
year={2006}}

@Book{Wolf:2001,
  author =       {Wayne Wolf},
  title =        {Computer as Components: Principles of Embedded Computing System Design},
  publisher =    {Morgan Kaufmann Publishers},
  year =         {2001},
  edition =      {2nd Edition},
	
}

@inproceedings{Martin:2001,
 author = {Martin, Grant and Lavagno, Luciano and Louis-Guerin, Jean},
 title = {Embedded UML: a merger of real-time UML and co-design},
 booktitle = {Proceedings of the ninth international symposium on Hardware/software codesign},
 series = {CODES '01},
 year = {2001},
 isbn = {1-58113-364-2},
 location = {Copenhagen, Denmark},
 pages = {23--28},
 numpages = {6},
 url = {http://doi.acm.org/10.1145/371636.371660},
 doi = {10.1145/371636.371660},
 acmid = {371660},
 publisher = {ACM},
 address = {New York, NY, USA},
 keywords = {HW-SW co-design, UML, embedded systems, function-architecture co-design, platforms, real-time systems},
}


@Book{Marwedel:2001,
  author =       {Peter Marwedel},
  title =        {Embedded System Design: Embedded Systems Foundations of Cyber-Physical},
  publisher =    {Springer},
  year =         {2001},
	edition =			 {2nd Edition},
}

@inproceedings{Martin:2002,
 author = {Martin, G.},
 title = {UML for Embedded Systems Specification and Design: Motivation and Overview},
 booktitle = {Proceedings of the conference on Design, automation and test in Europe},
 series = {DATE '02},
 year = {2002},
 isbn = {0-7695-1471-5},
 pages = {773--},
 url = {http://dl.acm.org/citation.cfm?id=882452.874354},
 acmid = {874354},
 publisher = {IEEE Computer Society},
 address = {Washington, DC, USA},
} 

@inproceedings{Espinoza:2008,
 author = {Espinoza, Huascar and Servat, David and G{\'e}rard, S{\'e}bastien},
 title = {Leveraging analysis-aided design decision knowledge in UML-based development of embedded systems},
 booktitle = {Proceedings of the 3rd international workshop on Sharing and reusing architectural knowledge},
 series = {SHARK '08},
 year = {2008},
 isbn = {978-1-60558-038-8},
 location = {Leipzig, Germany},
 pages = {55--62},
 numpages = {8},
 url = {http://doi.acm.org/10.1145/1370062.1370078},
 doi = {10.1145/1370062.1370078},
 acmid = {1370078},
 publisher = {ACM},
 address = {New York, NY, USA},
 keywords = {UML, design space exploration, embedded systems, model-driven engineering, trade-off analysis},
}

@Book{Gamma:2000,
  author =       {Erich Gamma},
  title =        {Padr\~oes de Projeto: Solu{\c c}\~oes Reutiliz\'aveis de Software Orientado a Objetos},
  publisher =    {Bookman},
  year =         {2000},
}

@book{Mendes:2002,
   author = "Antonio Mendes",
   title = {Arquitetura de Software: Desenvolvimento orientado para arquitetura},
		publisher =    {Editora Campus},
   year = "2002"
}

@book{jacobson:2005,
   author = "G. Booch and J. Rumbaugh and I. Jacobson",
   publisher = {Addison-Wesley Object Technology Series},
   title = {Unified Modeling Language User Guide},
   year = "2005",
	 edition = {2nd Edition},
}


